% Articles

@article{Bohil2005,
author = {C. J. Bohil and A. B. Markman and W. T. Maddox},
title = {A feature-salience analogue of the inverse base-rate effect.},
journal = {Korean Journal of Thinking and Problem Solving},
volume = {15},
pages = {17-28},
year = {2005}
}

@article{Byrd1995,
author = {R. H. Byrd and P. Lu and J. Nocedal and C. Zhu},
title = {A Limited Memory Algorithm for Bound Constrained Optimization.},
journal = {SIAM Journal on Scientific Computing},
volume = {16},
pages = {1190-1208},
year = {1995}
}

@article{Don2017,
author = {H. J. Don and E. J. Livesey},
title = {Effects of outcome and trial frequency on the inverse base-rate effect.},
journal = {Memory \& Cognition},
volume = {45},
pages = {493-507},
year = {2017}
}

@article{Don2019,
author = {H. J. Don and T. Beesley and E. J. Livesey},
title = {Learned predictiveness models predict opposite attention biases in the inverse base rate effect.},
journal = {Journal of Experimental Psychology: Animal Learning and Cognition},
volume = {45},
pages = {143-162},
year = {2019}
}

@article{Don2021,
author = {H. J. Don and D. A. Worthy and E. J. Livesey},
title = {Hearing hooves, thinking zebras: A review of the inverse base-rate effeect.},
journal = {Psychonomic Bulletin and Review},
volume = {28},
pages = {1142-1163},
year = {2021}
}
@phdthesis{Inkster2019,
author = {A. B. Inkster}, 
title = {Attention, Context and the Inverse Base Rate Effect.},
address = {Plymouth University, UK},
url = {http://hdl.handle.net/10026.1/14725},
year = {2019}
}

@article{Inkster2019b,
author = {A. B. Inkster and C. J. Mitchell and R. Schlegelmilch and A. J. Wills},
title = {Effect of training length on the inverse base-rate effect},
journal = {Manuscript in preparation},
year = {2019}
}

@article{Inkster2019c,
author = {Inkster, A. B. and Milton, F. and Edmunds, C. E. R. and Benattayallah, A. and Wills, A. J.},
year = {2021},
journal = {Human Brain Mapping},
pages = {1--11},
title = {Neural correlates of the inverse base-rate effect},
url = {https://doi,org/10.1002/hbm.25729}
}

@article{Johansen2007,
author = {M. K. Johansen and N. Fouquet and D .R. Shanks},
title = {Paradoxical effects of base rates and representation in category learning.},
journal = {Memory and Cognition},
volume = {35},
pages = {1365--1379},
year = {2007}
}

@article{Juslin2001,
author = {P. Juslin and P. Wennerholm and A. Winman},
title = {High-level reasoning and base-rate use: Do we need cue-competition to explain the inverse base-rate effect?},
journal = {Journal of Experimental Psychology: Learning, Memory, and Cognition},
volume = {27},
pages = {849--871},
year = {2001}
}

@article{Kruschke1996a,
author = {J. K. Kruschke},
title = {Base rates in category learning.},
journal = {Journal of Experimental Psychology: Learning, Memory, and Cognition},
volume = {22},
pages = {3--26},
year = {1996}
}

@article{Kruschke2001a,
author = {J. K. Kruschke},
title = {The inverse base-rate effect is not explained by eliminative inference.},
journal = {Journal of Experimental Psychology: Learning, Memory, and Cognition},
volume = {27},
pages = {1385--1400},
year = {2001}
}

@article{Kruschke2001b,
author = {J. K. Kruschke},
title = {Toward a unified model of attention in associative learning.},
journal = {Journal of Mathematical Psychology},
volume = {45},
pages = {812--863},
year = {2001}
}

@article{Kruschke2003,
author = {J. K. Kruschke},
title = {Attentional theory is a viable explanation of the inverse base rate effect: {A} reply to {Winman, Wennerholm, and Juslin (2003)}.},
journal = {Journal of Experimental Psychology: Learning, Memory, and Cognition},
volume = {29},
pages = {1396--1400},
year = {2003}
}

@article{Kruschke2005a,
author = {J. K. Kruschke and E. S. Kappenman and W. P. Hetrick},
title = {Eye gaze and individual differences consistent with learned attention in associative blocking and highlighting.},
journal = {Journal of Experimental Psychology: Learning, Memory, and Cognition},
volume = {31},
pages = {830--845},
year = {2005}
}

@article{LePelley2016,
author = {M. E. {Le Pelley} and C. J. Mitchell and T. Beesley and D. N. George and A. J. Wills},
title = {Attention and associative learning in humans: An integrative review.},
journal = {Psychological Bulletin},
volume = {142},
pages = {1111--1140},
year = {2016}
}

@article{Mackintosh1975,
author = {N.J. Mackintosh},
title = {A theory of attention: Variations in the associability of stimuli with reinforcement.},
journal = {Psychological Review},
volume = {82},
pages = {417--421},
year = {1975}
}

@article{Medin1988,
author = {D. L. Medin and S. M. Edelson},
title = {Problem structure and the use of base-rate information from experience.},
journal = {Journal of Experimental Psychology: General},
volume = {117},
pages = {68--85},
year = {1988}
}

@article{Wills2012,
author = {A. J. Wills and E.M. Pothos},
title = {On the adequacy of current empirical evaluations of formal models of categorization.},
journal = {Psychological Bulletin},
volume = {138},
pages = {102--125},
year = {2012}
}

@article{Wills2014,
author = {A. J. Wills and A. Lavric and Y. Hemmings and E. Surrey},
title = {Attention, predictive learning, and the inverse base-rate effect: Evidence from event-related potentials.},
journal = {NeuroImage},
volume = {87},
pages = {61--71},
year = {2014}
}

@article{Winman2003,
author = {A. Winman and P. Wennerholm and P. Juslin},
title = {Can attentional theory explain the inverse base rate effect? {Comment} on {Kruschke} (2001).},
journal = {Journal of Experimental Psychology: Learning, Memory, and Cognition},
volume = {29},
pages = {1390--1395},
year = {2003},
}

@article{Winman2005,
author = {A. Winman and P. Wennerholm and P. Juslin and D. R. Shanks},
title = {Evidence for rule-based processes in the inverse base-rate effect.},
journal = {Quarterly Journal of Experimental Psychology},
volume = {58},
pages = {789--815},
year = {2005}
}

@Article{Wood2011,
author = {M. J. Wood and M. R. Blair},
title = {Informed inferences of unknown feature values in categorization.},
journal = {Memory {\&} Cognition},
volume = {39},
pages = {666--674},
year = {2011}
}

% R and R Packages

@manual{R2018,
author = {{R Core Team}},
title = {R: A Language and Environment for Statistical Computing.},
organization = {R Foundation for Statistical Computing},
address = {Vienna, Austria},
url = {https://www.R-project.org},
year = {2018}
}

@Manual{tidyr2019,
title = {tidyr: Easily Tidy Data with 'spread()' and 'gather()' Functions},
author = {Hadley Wickham and Lionel Henry},
year = {2019},
note = {R package version 0.8.3},
url = {https://CRAN.R-project.org/package=tidyr},
}

@Manual{dplyr2019,
title = {dplyr: A Grammar of Data Manipulation},
author = {Hadley Wickham and Romain François and Lionel Henry and Kirill Müller},
year = {2019},
note = {R package version 0.8.1},
url = {https://CRAN.R-project.org/package=dplyr},
}

@manual{BF2018,
author = {R. D. Morey and J. N. Rouder},
title = {BayesFactor: Computation of Bayes Factors for Common Designs.},
note = {R package version 0.9.12-4.2},
url = {https://CRAN.R-project.org/package=BayesFactor},
year = {2018}
}

@manual{ez2016,
author = {M. A. Lawrence},
title = {ez: Easy Analysis and Visualization of Factorial Experiments.},
note = {R package version 4.4-0},
url = {https://CRAN.R-project.org/package=ez},
year = {2016}
}

@manual{catlearn2019,
author = {A. J. Wills and L. Dome and C. E. R. Edmunds and G. Honke and A. B. Inkster and R. Schlegelmilch and S. Spicer},
title = {catlearn: Formal Psychological Models of Categorization and Learning.},
note = {R package version 0.6.2},
url = {https://CRAN.R-project.org/package=catlearn},
year = {2019}
}

@Manual{pwr2018,
author = {S. Champely},
title = {pwr: Basic Functions for Power Analysis},
note = {R package version 1.2-2},
url = {https://CRAN.R-project.org/package=pwr},
year = {2018}
}

% Psychopy

@article{Peirce2007,
author = {J. W. Peirce},
title = {{PsychoPy-Psychophysics} software in {Python}.},
journal = {Journal of Neuroscience Methods},
volume = {162},
pages = {8--13},
note = {Version 1.83.04},
year = {2007}
}

% Bayes

@article{Dienes2011,
author = {Dienes, Zoltan},
journal = {Perspectives on Psychological Science},
pages = {274--290},
title = {{Bayesian versus orthodox statistics: Which side are you on?}},
volume = {6},
year = {2011}
}


