@article{Ashby1988,
author = {Ashby, F Gregory and Gott, Ralph E},
journal = {Journal of Experimental Psychology: Learning, Memory, and Cognition},
number = {1},
pages = {33--53},
title = {{Decision rules in the perception and categorization of multidimensional stimuli.}},
volume = {14},
year = {1988},
note = {\url{https://doi.org/10.1037/0278-7393.14.1.33}}
}

@article{Ashby1993,
author = {Ashby, F. Gregory and Maddox, W. T},
journal = {{Journal of Mathematical Psychology}},
pages = {372--400},
title = {{Relations between prototype, exemplar, and decision bound models of
categorization}},
volume = {37},
number = {3},
note = {\url{https://doi.org/10.1006/jmps.1993.1023}},
year = {1993}
}

@article{Ashby1998,
author = {Ashby, F G and Alfonso-Reese, L A and Turken, A U and Waldron, E M},
journal = {Psychological Review},
pages = {442--81},
note = {\url{https://doi.org/10.1037//0033-295X.105.3.442}},
pmid = {9697427},
title = {{A neuropsychological theory of multiple systems in category
learning.}},
volume = {105},
year = {1998}
}

@article{Ashby:1999tka,
author = {Ashby, F G and Queller, S and Berretty, P M},
title = {{On the dominance of unidimensional rules in unsupervised categorization.}},
journal = {Perception {\&} Psychophysics},
year = {1999},
volume = {61},
number = {6},
note = {\url{https://doi.org/10.3758/bf03207622}},
pages = {1178--1199}
}

@article{Ashby2005,
author = {Ashby, F Gregory and Maddox, W Todd},
note = {\url{https://doi.org/10.1146/annurev.psych.56.091103.070217}},
isbn = {0066-4308 978-0-8243-0256-6},
issn = {0066-4308},
journal = {Annual Review of Psychology},
pages = {149--178},
pmid = 15709932,
title = {{Human category learning.}},
volume = 56,
year = 2005
}

@article{Ashby2011,
author = {Ashby, F Gregory and Maddox, W Todd},
note = {\url{https://doi.org/10.1111/j.1749-6632.2010.05874.x}},
journal = {Annals of the New York Academy of Sciences},
pages = {147--61},
title = {{Human category learning 2.0.}},
volume = {1224},
year = {2011}
}

@incollection{Ashby2016a,
address = {New York, NY},
author = {Ashby, F Gregory and Valentin, V V},
booktitle = {{Handbook of Categorization in Cognitive Science}},
edition = {2nd},
editor = {Cohen, H and Lefebvre, C},
pages = {547--572},
publisher = {Elsevier},
title = {{Multiple systems of perceptual category learning: Theory and
cognitive tests}},
note = {\url{https://doi.org/10.1016/B978-0-08-101107-2.00007-5}},
year = {2017}
}

@incollection{Ashby2018,
address = {New York},
author = {Ashby, F Gregory and Valentin, Vivian V},
booktitle = {{Stevens' Handbook of Experimental Psychology and Cognitive
Neuroscience}},
edition = {4th},
volume = 5,
note = {\url{https://doi.org/10.1002/9781119170174.epcn508}},
editor = {Wagenmakers, Eric Jan and Wixted, John T},
publisher = {Wiley},
title = {{The categorization experiment: Experimental design and data
analysis}}, 
year = 2018
}

@article{Baguley2012,
author = {Baguley, T},
journal = {Behavior Research Methods},
pages = {158--175},
title = {{Calculating and graphing within-subject confidence intervals for
ANOVA.}},
volume = {44},
number = {1},
note = {\url{https://doi.org/10.3758/s13428-011-0123-7}},
year = {2012}
}

@article{Barnett:2002io,
author = {Barnett, Susan M and Ceci, Stephen J},
title = {{When and where do we apply what we learn? A taxonomy for far transfer.}},
journal = {Psychological Bulletin},
year = {2002},
volume = {128},
number = {4},
note = {\url{https://doi.org/10.1037/0033-2909.128.4.612}},
pages = {612--637}
}

@misc{BayesFactor,
title = {{BayesFactor: Computation of Bayes Factors for Common Designs}},
author = {Morey, Richard D and Rouder, Jeffrey N},
year = 2018,
note = {R package version 0.9.12-4.2},
url = {https://CRAN.R-project.org/package=BayesFactor},
}

@article{Button2013,
  title={Power failure: why small sample size undermines the reliability of neuroscience},
  author={Button, Katherine S and Ioannidis, John PA and Mokrysz, Claire and Nosek, Brian A and Flint, Jonathan and Robinson, Emma SJ and Munaf{\`o}, Marcus R},
  note = {\url{https://doi.org/10.1038/nrn3475}},
  journal={Nature Reviews Neuroscience},
  volume={14},
  number={5},
  pages={365--376},
  year={2013},
  publisher={Nature Publishing Group}
}

@article{Casale:2012jf,
author = {Casale, Michael B and Roeder, Jessica L and Ashby, F Gregory},
title = {{Analogical transfer in perceptual categorization}},
note = {\url{https://doi.org/10.3758/s13421-011-0154-4}},
journal = {Memory {\&} Cognition},
year = {2012},
volume = {40},
number = {3},
pages = {434--449}
}

@article{Carpenter:2016hq,
author = {Carpenter, Kathryn L and Wills, Andy J and Benattayallah, Abdelmalek and Milton, Fraser},
title = {{A Comparison of the neural correlates that underlie rule-based and information-integration category learning}},
note = {\url{https://doi.org/10.1002/hbm.23259}},
journal = {Human Brain Mapping},
year = {2016},
volume = {37},
number = {10},
pages = {3557--3574}
}

@article{Chase:2019fb,
author = {Chase, Catherine C and Malkiewich, Laura and Kumar, Aakash S},
title = {{Learning to notice science concepts in engineering activities and transfer situations}},
note = {\url{https://doi.org/10.1002/sce.21496}},
journal = {Science Education},
year = {2019},
volume = {103},
number = {2},
pages = {440--471}
}

@article{Donkin2015,
author = {Donkin, Chris and Newell, Ben R and Kalish, Mike and Dunn, John C and
Nosofsky, Robert M},
note = {\url{https://doi.org/10.1037/xlm0000083}},
issn = {1939-1285},
journal = {Journal of Experimental Psychology: Learning, Memory, and
Cognition},
number = {4},
pages = {933--48},
title = {{Identifying strategy use in category learning tasks: a case for more
diagnostic data and models.}},
volume = {41},
year = {2015}
}

@incollection{Dunbar:1997wd,
author = {Dunbar, Kevin},
title = {{How scientists think: On-line creativity and conceptual change in science}},
booktitle = {{Conceptual Structures and Processes: Emergence, Discovery, and Change}},
note = {\url{https://doi.org/10.1037/10227-017}},
year = {1997},
editor = {Ward, T B and Smith, S M and Vaid, J},
pages = {461--493},
address = {Washington D.C. }
}

@article{Duncker1945,
author = {Duncker, Karl},
note = {\url{https://doi.org/10.1037/h0093599}},
journal = {Psychological Monographs},
number = {5},
pages = {i--113},
title = {{On problem-solving.}},
translator = {Lees, Lynne S.},
volume = {58},
year = {1945}
}

@article{Edmunds2015,
author = {Edmunds, C E R and Milton, Fraser and Wills, Andy J},
note = {\url{https://doi.org/10.1080/17470218.2014.978875}},
journal = {The Quarterly Journal of Experimental Psychology},
number = {2},
pages = {1203--1222},
title = {{Feedback can be superior to observational training for both
rule-based and information-integration category structures}},
volume = {68},
year = {2015}
}

@inproceedings{Edmunds:2016tb,
author = {Edmunds, Charlotte E R and Wills, Andy J and Milton, Fraser},
title = {{Memory for exemplars in category learning}},
booktitle = {{Proceedings of the 38th Annual Conference of the Cognitive Science Society}},
year = {2016},
editor = {Papfragou, A and Grodner, D and Mirman, D and Trueswell, J C},
pages = {2243--2248},
organization = {Cognitive Science Society},
address = {Austin, TX}
}

@inproceedings{Edmunds2017,
address = {Austin, TX},
author = {Edmunds, C E R and Milton, Fraser and Wills, Andy J},
booktitle = {{Proceedings of the 39th Annual Conference of the Cognitive Science
Society}},
editor = {Gunzelmann, A and Howes, A and Tenbrink, T and Davelaar, E J},
pages = {1979--1984},
publisher = {Cognitive Science Society},
title = {{Due process in dual process: A model-recovery analysis of Smith et
al. (2014)}},
year = {2017}
}

@article{Edmunds:2018ek,
author = {Edmunds, Charlotte E R and Wills, Andy J and Milton, Fraser},
title = {{Initial training with difficult items does not facilitate category learning}},
journal = {The Quarterly Journal of Experimental Psychology},
note = {\url{https://doi.org/10.1080/17470218.2017.1370477}},
year = {2019},
volume = {72},
number = {2},
pages = {151--167}
}

@article{Edmunds:2018kk,
author = {Edmunds, Charlotte E R and Milton, Fraser and Wills, Andy J},
note = {\url{https://doi.org/10.1111/cogs.12607}},
title = {{Due process in dual process: Model-recovery simulations of decision-bound strategy analysis in category learning}},
journal = {Cognitive Science},
year = {2018},
volume = {42},
pages = {833--860}
}

@article{Edwards:2019jf,
author = {Edwards, Brian J and Williams, Joseph J and Gentner, Dedre and Lombrozo, Tania},
note = {\url{https://doi.org/10.1016/j.cognition.2018.12.011}},
title = {{Explanation recruits comparison in a category-learning task.}},
journal = {Cognition},
year = {2019},
volume = {185},
pages = {21--38}
}

@misc{effsize,
title = {effsize: Efficient Effect Size Computation},
author = {Marco Torchiano},
year = {2017},
note = {R package version 0.7.1},
url = {https://CRAN.R-project.org/package=effsize},
}

@article{Faul2007,
  title={{G* Power 3: A flexible statistical power analysis program for the social, behavioral, and biomedical sciences}},
  note = {\url{https://doi.org/10.3758/bf03193146}},
  author={Faul, Franz and Erdfelder, Edgar and Lang, Albert-Georg and Buchner, Axel},
  journal={Behavior Research Methods},
  volume={39},
  number={2},
  pages={175--191},
  year={2007},
  publisher={Springer}
}

@article{Ford:2018gm,
author = {Ford, J Kevin and Baldwin, Timothy T and Prasad, Joshua},
note = {\url{https://doi.org/10.1146/annurev-orgpsych-032117-104443}},
title = {{Transfer of training: The known and the unknown}},
journal = {Annual Review of Organizational Psychology and Organizational Behavior},
year = 2018,
volume = 5,
pages = {201--225}
}

@incollection{Gentner:2018wo,
author = {Gentner, D and Maravilla, F},
title = {{Analogical reasoning}},
booktitle = {{International Handbook of Thinking \& Reasoning}},
year = {2018},
editor = {Ball, L J and Thompson, V A},
pages = {186--203},
address = {NY, NY}
}

@article{Gick1980,
author = {Gick, Mary L. and Holyoak, Keith J.},
note = {\url{https://doi.org/10.1016/0010-0285(80)90013-4}},
isbn = {0010-0285},
issn = {00100285},
journal = {Cognitive Psychology},
number = {3},
pages = {306--355},
title = {{Analogical problem solving}},
volume = {12},
year = {1980}
}

@article{Gick1983a,
abstract = {Learners either studied one example of how to solve a particular
problem or were requried to contrast two different kinds of problems to figure
out the common elements of their solutions. The learners who contrasted two
problems were more likely to extract a genteral solution scheme and transfer
that scheme to successfullly solve new problems than were the learners who
studied only one problem.},
author = {Gick, Mary L. and Holyoak, Keith J.},
doi = {10.1016/0010-0285(83)90002-6},
isbn = {0010-0285},
issn = {00100285},
journal = {Cognitive Psychology},
number = {1},
pages = {1--38},
title = {{Schema induction and analogical transfer}},
volume = {15},
year = {1983}
}

@article{Hornsby:2014jy,
author = {Hornsby, Adam N and Love, Bradley C},
note = {\url{https://doi.org/10.1037/e633262013-327}},
title = {{Improved classification of mammograms following idealized training}},
journal = {Journal of Applied Research in Memory and Cognition},
year = {2014},
volume = {3},
number = {2},
pages = {72--76}
}

@article{Johnston:2017ct,
author = {Johnston, Sandra and Coyer, Fiona and Nash, Robyn},
note = {\url{https://doi.org/10.1016/j.nepr.2017.08.002}},
title = {{Simulation debriefing based on principles of transfer of learning: A pilot study}},
journal = {Nurse Education in Practice},
year = {2017},
volume = {26},
pages = {102--108}
}

@article{Kurtz:2015ew,
author = {Kurtz, Kenneth J},
note = {\url{https://doi.org/10.1016/bs.plm.2015.03.001}},
title = {{Human category learning: Toward a broader explanatory account}},
publisher = {Elsevier Ltd},
year = {2015},
volume = {63},
pages = {77--114},
journal = {Psychology of Learning and Motivation}
}

@article{Maddox1993,
author = {Maddox, W Todd and Ashby, F Gregory},
note = {\url{https://doi.org/10.3758/BF03211715}},
journal = {Perception {\&} Psychophysics},
number = {1},
pages = {49--70},
title = {{Comparing decision bound and exemplar models of categorization}},
volume = {53},
year = {1993}
}

@article{Maddox2006,
author = {Maddox, W Todd and Ing, A David and Lauritzen, J Scott},
note = {\url{https://doi.org/10.3758/BF03193719}},
journal = {Perception {\&} Psychophysics},
number = {7},
pages = {1176--90},
title = {{Stimulus modality interacts with category structure in perceptual
category learning.}},
volume = {68},
year = {2006}
}

@article{Milton:2008hs,
author = {Milton, Fraser and Longmore, Christopher A and Wills, Andy J},
note = {\url{https://doi.org/10.1037/0096-1523.34.3.676}},
title = {{Processes of overall similarity sorting in free classification.}},
journal = {Journal of Experimental Psychology: Human Perception and Performance},
year = {2008},
volume = {34},
number = {3},
pages = {676--692}
}

@article{Newell2011a,
author = {Newell, Ben R and Dunn, John C. and Kalish, Michael},
journal = {Psychology of Learning and Motivation},
note = {\url{https://doi.org/10.1016/B978-0-12-385527-5.00006-1}},
pages = {167--215},
title = {{Systems of category learning: Fact or fantasy?}},
volume = {54},
year = {2011}
}

@misc{Rcite,
title = {R: A Language and Environment for Statistical Computing},
author = {{R Core Team}},
organization = {R Foundation for Statistical Computing},
year = {2017},
url = {https://www.R-project.org/},
}

@article{Reetzke:2016is,
author = {Reetzke, Rachel and Maddox, W Todd and Chandrasekaran, Bharath},
note = {\url{https://doi.org/10.1016/j.jecp.2015.09.018}},
title = {{The role of age and executive function in auditory category learning}},
journal = {Journal of Experimental Child Psychology},
year = {2016},
volume = {142},
pages = {48--65}
}

@article{Smith:2014ec,
author = {Smith, J David and Boomer, Joseph and Zakrzewski, Alexandria C and Roeder, Jessica L and Church, Barbara A and Ashby, F Gregory},
note = {\url{https://doi.org/10.1177\%2F0956797613509112}},
title = {{Deferred feedback sharply dissociates implicit and explicit category learning}},
journal = {Psychological Science},
year = {2014},
volume = {25},
number = {2},
pages = {447--457}
}

@article{Smith:2014fq,
author = {Smith, J David and Johnston, Jennifer J R and Musgrave, Robert D and Zakrzewski, Alexandria C and Boomer, Joseph and Church, Barbara A and Ashby, F Gregory},
note = {\url{https://doi.org/10.3758/s13414-014-0659-6}},
title = {{Cross-modal information integration in category learning}},
journal = {Attention, Perception, {\&} Psychophysics},
year = {2014},
volume = {76},
number = {5},
pages = {1473--1484}
}

@article{Soto:2018up,
author = {Soto, Fabian A and Ashby, F Gregory},
title = {{Novel representations that support rule-based categorization are acquired on-the-fly during category learning}},
journal = {Psychological Research},
note = {\url{https://doi.org/10.1007/s00426-019-01157-7}},
year = {2019},
volume = {1369},
number = {1},
pages = {24--22}
}

@article{Wagenmakers:2004wn,
author = {Wagenmakers, Eric-Jan and Farrell, Simon},
note = {\url{https://doi.org/10.3758/BF03206482}},
title = {{AIC model selection using Akaike weights.}},
journal = {Psychonomic Bulletin {\&} Review},
year = {2004},
volume = {11},
number = {1},
pages = {192--196}
}

@article{Wills2015,
author = {Wills, Andy J. and Inkster, A. B. and Milton, F.},
note = {\url{https://doi.org/10.1016/j.cogpsych.2015.04.002}},
journal = {Cognitive Psychology},
pages = {1--33},
title = {{Combination or Differentiation? Two theories of processing order in
classification}},
volume = {80},
year = {2015}
}

@article{Yi:2016jy,
author = {Yi, Han-Gyol and Maddox, W Todd and Mumford, Jeanette A and Chandrasekaran, Bharath},
title = {{The Role of Corticostriatal Systems in Speech Category Learning}},
note = {\url{https://doi.org/10.1093/cercor/bhu236}},
journal = {Cerebral Cortex},
year = {2016},
volume = {26},
number = {4},
pages = {1409--1420}
}

@article{Zakrzewski:2018gu,
author = {Zakrzewski, Alexandria C and Church, Barbara A and Smith, J David},
note = {\url{https://doi.org/10.1037/com0000095}},
title = {{The transfer of category knowledge by macaques (Macaca mulatta) and humans (Homo sapiens)}},
journal = {Journal of Comparative Psychology},
year = {2018},
volume = {132},
number = {1},
pages = {58--74}
}
